@article{sarma2001landuse,
  title={Landuse/Landcover change detection through remote sensing and its climatic implications in the godavari delta region},
  author={Sarma, VVLN and Krishna, G Murali and Malini, B Hema and Rao, K Nageswara},
  journal={Journal of the Indian Society of Remote Sensing},
  volume={29},
  number={1-2},
  pages={85--91},
  year={2001},
  publisher={Springer}
}

@book{unsalan2012two,
  title={Two-Dimensional Change Detection Methods: Remote Sensing Applications},
  author={{\"U}nsalan, Cem and others},
  year={2012},
  publisher={Springer Science \& Business Media}
}

@book{congalton2008assessing,
  title={Assessing the accuracy of remotely sensed data: principles and practices},
  author={Congalton, Russell G and Green, Kass},
  year={2008},
  publisher={CRC press}
}

@article{landis1977measurement,
  title={The measurement of observer agreement for categorical data},
  author={Landis, J Richard and Koch, Gary G},
  journal={biometrics},
  pages={159--174},
  year={1977},
  publisher={JSTOR}
}

@article{baig2014derivation,
  title={Derivation of a tasselled cap transformation based on Landsat 8 at-satellite reflectance},
  author={Baig, Muhammad Hasan Ali and Zhang, Lifu and Shuai, Tong and Tong, Qingxi},
  journal={Remote Sensing Letters},
  volume={5},
  number={5},
  pages={423--431},
  year={2014},
  publisher={Taylor \& Francis}
}

@article{de2010spatio,
  title={Spatio-temporal statistical methods for modelling land surface phenology},
  author={de Beurs, Kirsten M and Henebry, Geoffrey M},
  booktitle={Phenological research},
  pages={177--208},
  year={2010},
  publisher={Springer}
}

@article{tucker1979red,
  title={Red and photographic infrared linear combinations for monitoring vegetation},
  author={Tucker, Compton J},
  journal={Remote sensing of Environment},
  volume={8},
  number={2},
  pages={127--150},
  year={1979},
  publisher={Elsevier}
}

@online{sunset,
 author  = "Paolo Motta",
 title   = "Rayleigh scattering",
 year    = "2008",
}

@article{vermote49atmospheric,
  title={Atmospheric correction algorithm: spectral reflectances (MOD09). http:/modarch. gsfc. nasa. gov},
  author={Vermote, EF and Vermenlen, A},
  journal={MODIS/ATBD/atbd\_mod08. pdf},
  volume={49}
}

@book{liou2002introduction,
  title={An introduction to atmospheric radiation},
  author={Liou, Kuo-Nan},
  volume={84},
  year={2002},
  publisher={Academic press}
}

@book{liang2005quantitative,
  title={Quantitative remote sensing of land surfaces},
  author={Liang, Shunlin},
  volume={30},
  year={2005},
  publisher={John Wiley \& Sons}
}

@book{jensen2007remote,
  title={Remote sensing of the environment. an earth resource perspective.},
  author={Jensen, John R},
  journal={Prentice Hall series in geographic information science.},
  year={2007},
  publisher={Upper Saddle River, New Jersey. Prentice-Hall}
}



@online{timeline,
 author  = "http://gisgeography.com",
 title   = "Image Classification Techniques in Remote Sensing",
}

@online{kmean,
 author  = "Andrei Pandre",
 title   = "Cluster Analysis: see it 1st",
}

@online{clasif1,
 author  = "IIT Kanpur",
 title   = "Civil Engineering - Modern Surveying Techniques",
}

@online{rayleigh_sunlight_scattering,
 author  = "Wikimedia Commons",
 title   = "Rayleigh sunlight scattering",
 year    = "2007",
}

@online{isodata,
 author  = "Poonam S. Tiwari",
 title   = "Digital Image Classification",
}

@online{filter,
 author  = "ArcGIS 9.2 Desktop Help",
 title   = "Majority Filter",
}

@online{minima,
 author  = "Wikimedia Commons",
 title   = "Extrema example",
 year    = "2011",
}

@online{cluster,
 author  = "Wikimedia Commons",
 title   = "SLINK Gaussian data",
 year    = "2011",
}

@online{vector,
 author  = "Wikimedia Commons",
 title   = "Euclidean vector",
 year    = "2008",
}

@online{adquisicion,
 author  = "Wikimedia Commons",
 title   = "Remote Sensing Illustration",
 year    = "2013",
}

@online{brdf,
 author  = "Wikimedia Commons",
 title   = "Bidirectional reflectance distribution function",
 year    = "2009",
}

@online{window,
 author  = "Wikimedia Commons",
 title   = "Atmospheric transmittance IR",
 year    = "2006",
}

@unpublished{wave,
  author = {Wolfgang Wagner},
  institution = {Vienna University of Technology},
  title = {A Short Introduction to Microwave Remote Sensing of the Land Surface}
}

@online{solar_spectrum,
 author  = "Wikimedia Commons",
 title   = "Solar Spectrum",
 year    = "2007",
}

@online{espectrum,
 author  = "Wikimedia Commons",
 title   = "EM spectrum",
 year    = "2007",
}

@online{blackbody,
 author  = "Wikimedia Commons",
 title   = "Black body",
 year    = "2015",
}

@misc{blackpercent,
 title   = {Berkeley Lab Heat Island Group}
}

@misc{clark2007usgs,
  title={USGS digital spectral library splib06a},
  author={Clark, Roger Nelson and Swayze, Gregg A and Wise, Richard and Livo, K Eric and Hoefen, Todd M and Kokaly, Raymond F and Sutley, Stephen J},
  year={2007},
  publisher={US Geological Survey Reston, VA}
}

@book{richards2013remote,
  title={Remote Sensing Digital Image Analysis},
  author={Richards, John A},
  year={2013},
  publisher={Springer}
}

@article{key2006landscape,
  title={Landscape assessment (LA)},
  author={Key, Carl H and Benson, Nathan C},
  journal={FIREMON: Fire effects monitoring and inventory system. Gen. Tech. Rep. RMRS-GTR-164-CD, Fort Collins, CO: US Department of Agriculture, Forest Service, Rocky Mountain Research Station},
  year={2006}
}

@article{asner1998biophysical,
  title={Biophysical and biochemical sources of variability in canopy reflectance},
  author={Asner, Gregory P},
  journal={Remote sensing of Environment},
  volume={64},
  number={3},
  pages={234--253},
  year={1998},
  publisher={Elsevier}
}

@article{gitelson1996signature,
  title={Signature analysis of leaf reflectance spectra: algorithm development for remote sensing of chlorophyll},
  author={Gitelson, Anatoly A and Merzlyak, Mark N},
  journal={Journal of plant physiology},
  volume={148},
  number={3},
  pages={494--500},
  year={1996},
  publisher={Elsevier}
}

@mastersthesis{triangulo,
  author       = {Leandro Pellini},
  title        = {Biorremediaci√≥n estimulada por efluentes cloacales tratados de suelos contaminados con hidrocarburos.},
  school       = {UN COMAHUE},
  year         = 2006
}
