@article{baig2014derivation,
  title={Derivation of a tasselled cap transformation based on Landsat 8 at-satellite reflectance},
  author={Baig, Muhammad Hasan Ali and Zhang, Lifu and Shuai, Tong and Tong, Qingxi},
  journal={Remote Sensing Letters},
  volume={5},
  number={5},
  pages={423--431},
  year={2014},
  publisher={Taylor \& Francis}
}

@article{olofsson2014good,
  title={Good practices for estimating area and assessing accuracy of land change},
  author={Olofsson, Pontus and Foody, Giles M and Herold, Martin and Stehman, Stephen V and Woodcock, Curtis E and Wulder, Michael A},
  journal={Remote Sensing of Environment},
  volume={148},
  pages={42--57},
  year={2014},
  publisher={Elsevier}
}

@book{jensen2009remote,
  title={Remote sensing of the environment: An earth resource perspective 2/e},
  author={Jensen, John R},
  year={2009},
  publisher={Pearson Education India}
}

@book{richards1999remote,
  title={Remote sensing digital image analysis},
  author={Richards, John A and Richards, JA},
  volume={3},
  year={1999},
  publisher={Springer}
}

@book{liang2005quantitative,
  title={Quantitative remote sensing of land surfaces},
  author={Liang, Shunlin},
  volume={30},
  year={2005},
  publisher={John Wiley \& Sons}
}

@book{congalton2008assessing,
  title={Assessing the accuracy of remotely sensed data: principles and practices},
  author={Congalton, Russell G and Green, Kass},
  year={2008},
  publisher={CRC press}
}
